
@book{enrich,
    author = "G.M. Kelly",
    title = "Basic concepts of enriched category theory",
    journal = "London Mathematical Society Lecture Notes Series",
    volume = "64",
    year = "1982"}
    
@article{lawvere,
    author = "F. William Lawvere",
    title = "Functorial Semantics of Algebraic Theories",
    journal = "Reports of the Midwest Category Seminar II",
    volume = "5",
    year = "2004"}
    
@article{sos,
    author = "Gordon D. Plotkin",
    title = "A Strucural Approach to Operational Semantics",
    journal = "Journal of Logic and Algebraic Programming",
    year = "1981"}
    
@article{finite,
    author = "J. Adamek, J. Rosicky",
    title = "Locally Presentable and Accessible Categories",
    journal = "London Mathematical Society Lecture Notes Series",
    volume = "189",
    year = "1994"}
    
@article{linton,
    author = "F.E.J. Linton",
    title = "Some Aspects of Equational Theories",
    journal = "Proceedings of the Conference on Categorical Algebra",
    year = "1965"}
    
@article{ltam,
    author = "Martin Hyland, John Power",
    title = "The Category Theoretic Understanding of Universal Algebra: Lawvere Theories and Monads",
    journal = "Electronic Notes in Theoretical Computer Science",
    volume = "172",
    year = "2007"}
    
@misc{milew,
    author = "Bartosz Milewski",
    title = "Lawvere Theories",
    howpublished = "https://bartoszmilewski.com/2017/08/26/lawvere-theories/",
    year = "2017"}

@article{power,
    author = "John Power",
    title = "Enriched Lawvere Theories",
    journal = "Theory and Applications of Categories",
    year = "2000"}
