
@book{enrich,
    author = "G.M. Kelly",
    title = "Basic concepts of enriched category theory",
    journal = "London Mathematical Society Lecture Notes Series",
    volume = "64",
    year = "1982"}
    
@article{lawvere,
    author = "F. William Lawvere",
    title = "Functorial Semantics of Algebraic Theories",
    journal = "Reports of the Midwest Category Seminar II",
    volume = "5",
    year = "2004"}
    
@article{sos,
    author = "Gordon D. Plotkin",
    title = "A Strucural Approach to Operational Semantics",
    journal = "Journal of Logic and Algebraic Programming",
    year = "1981"}
    
@article{finite,
    author = "J. Adamek and J. Rosicky",
    title = "Locally Presentable and Accessible Categories",
    journal = "London Mathematical Society Lecture Notes Series",
    volume = "189",
    year = "1994"}
    
@article{linton,
    author = "F.E.J. Linton",
    title = "Some Aspects of Equational Theories",
    journal = "Proceedings of the Conference on Categorical Algebra",
    year = "1965"}
    
@article{ltam,
    author = "Martin Hyland and John Power",
    title = "The Category Theoretic Understanding of Universal Algebra: Lawvere Theories and Monads",
    journal = "Electronic Notes in Theoretical Computer Science",
    volume = "172",
    year = "2007"}
    
@misc{milew,
    author = "Bartosz Milewski",
    title = "Lawvere Theories",
    howpublished = "https://bartoszmilewski.com/2017/08/26/lawvere-theories/",
    year = "2017"}

@article{power,
    author = "John Power",
    title = "Enriched Lawvere Theories",
    journal = "Theory and Applications of Categories",
    year = "2000"}

@article{maclane,
	author = "Saunders Mac Lane",
	title = "Categories for the Working Mathematician",
	journal = "Graduate Texts in Mathematics",
	year = "1971"}

@article{nlab,
	author = "Urs Schreiber",
	title = "Lawvere Theory",
	 howpublished = "https://ncatlab.org/nlab/show/Lawvere+theory",
	year = "2010"}

@article{ghani,
	author = "Christoph L{\"u}th and Neil Ghani",
	title = "Monads and Modular Term Rewriting",
	journal = "Lecture Notes in Computer Science",
	year = "1997"}

@article{seely,
	author = "R.A.G. Seely",
	title = "Modelling Computations: A 2-Categorical Framework",
	journal = "Symposium on Logic in Computer Science",
	year = "1987"}

@article{ladl,
	author = "Michael Stay and L.G. Meredith",
	title = "Logic as a distributive law",
	journal = "Logic in Computer Science",
	year = "2016"}
